<record xmlns="http://www.loc.gov/MARC21/slim" xmlns:xsi="http://www.w3.org/2001/XMLSchema-instance" xsi:schemaLocation="http://www.loc.gov/MARC21/slim http://www.loc.gov/standards/marcxml/schema/MARC21slim.xsd"><leader>     nam a22        4500</leader><controlfield tag="001">3233740</controlfield><controlfield tag="003">NNC</controlfield><controlfield tag="006">m        d        </controlfield><controlfield tag="007">cr cn |||m|||a</controlfield><controlfield tag="008">150313s1930    ua      o     000 0 ararc</controlfield><datafield ind1=" " ind2=" " tag="040"><subfield code="a">NNU</subfield><subfield code="b">eng</subfield><subfield code="e">rda</subfield><subfield code="c">NNU</subfield></datafield><datafield ind1=" " ind2="4" tag="050"><subfield code="a">BP80.I254</subfield><subfield code="b">I2 1930</subfield></datafield><datafield ind1="1" ind2=" " tag="100"><subfield code="6">880-01</subfield><subfield code="a">Ibn al-Jawzi&#772;, Abu&#772; al-Faraj &#699;Abd al-Rah&#803;ma&#772;n ibn &#699;Ali&#772;,</subfield><subfield code="d">approximately 1116-1201.</subfield></datafield><datafield ind1="1" ind2="0" tag="245"><subfield code="6">880-02</subfield><subfield code="a">Mana&#772;qib al-ima&#772;m Ah&#803;mad ibn H&#803;anbal /</subfield><subfield code="c">li-Abi&#772; al-Faraj &#699;Abd al-Rah&#803;ma&#772;n ibn al-Jawzi&#772;.</subfield></datafield><datafield ind1=" " ind2=" " tag="250"><subfield code="6">880-03</subfield><subfield code="a">al-T&#803;ab&#699;ah 1.</subfield></datafield><datafield ind1=" " ind2=" " tag="260"><subfield code="6">880-04</subfield><subfield code="a">Mis&#803;r :</subfield><subfield code="b">Maktabat al-Kha&#772;nji&#772;,</subfield><subfield code="c">[1930]</subfield></datafield><datafield ind1=" " ind2=" " tag="300"><subfield code="a">online resource (544 pages)</subfield></datafield><datafield ind1=" " ind2=" " tag="336"><subfield code="a">text</subfield><subfield code="2">rdacontent</subfield></datafield><datafield ind1=" " ind2=" " tag="337"><subfield code="a">computer</subfield><subfield code="2">rdamedia</subfield></datafield><datafield ind1=" " ind2=" " tag="338"><subfield code="a">online resource</subfield><subfield code="2">rdacarrier</subfield></datafield><datafield ind1=" " ind2=" " tag="500"><subfield code="a">Part of the Arabic Collections Online (ACO) project, contributed by Columbia University Libraries.</subfield></datafield><datafield ind1=" " ind2=" " tag="533"><subfield code="a">Electronic reproduction.</subfield><subfield code="b">New York, N.Y. :</subfield><subfield code="c">New York University,</subfield><subfield code="d">2015.</subfield><subfield code="5">NNU</subfield></datafield><datafield ind1="1" ind2="0" tag="600"><subfield code="6">880-05</subfield><subfield code="a">Ibn H&#803;anbal, Ah&#803;mad ibn Muh&#803;ammad,</subfield><subfield code="d">780-855.</subfield></datafield><datafield ind1="1" ind2="7" tag="600"><subfield code="a">Ibn H&#803;anbal, Ah&#803;mad ibn Muh&#803;ammad,</subfield><subfield code="d">780-855</subfield><subfield code="2">fast</subfield><subfield code="0">(OCoLC)fst00098601</subfield></datafield><datafield ind1="2" ind2=" " tag="710"><subfield code="a">Columbia University.</subfield><subfield code="b">Libraries.</subfield></datafield><datafield ind1="0" ind2=" " tag="730"><subfield code="a">Arabic Collections Online.</subfield></datafield><datafield ind1="0" ind2="8" tag="776"><subfield code="i">Online version:</subfield><subfield code="a">Ibn al-Jawzi&#772;, Abu&#772; al-Faraj &#699;Abd al-Rah&#803;ma&#772;n ibn &#699;Ali&#772;, 1116 (ca.)-1201.</subfield><subfield code="t">Mana&#772;qib al-ima&#772;m Ah&#803;mad ibn H&#803;anbal.</subfield><subfield code="b">al-T&#803;ab&#699;ah 1.</subfield><subfield code="d">Mis&#803;r : Maktabat al-Kha&#772;nji&#772;, [1930]</subfield><subfield code="w">(OCoLC)551477697</subfield></datafield><datafield ind1="0" ind2="8" tag="776"><subfield code="i">Print version:</subfield><subfield code="a">Ibn al-Jawzi&#772;, Abu&#772; al-Faraj &#699;Abd al-Rah&#803;ma&#772;n ibn &#699;Ali&#772;, approximately 1116-1201.</subfield><subfield code="t">Mana&#772;qib al-ima&#772;m Ah&#803;mad ibn H&#803;anbal</subfield><subfield code="w">(NNC)3233740</subfield><subfield code="w">(OCoLC)23518572</subfield></datafield><datafield ind1="4" ind2="0" tag="856"><subfield code="u">http://hdl.handle.net/2333.1/dfn2z5j8</subfield></datafield><datafield ind1="1" ind2=" " tag="880"><subfield code="6">100-01/r</subfield><subfield code="a">&#1575;&#1576;&#1606; &#1575;&#1604;&#1580;&#1608;&#1586;&#1610;&#1548; &#1571;&#1576;&#1608; &#1575;&#1604;&#1601;&#1585;&#1580; &#1593;&#1576;&#1583; &#1575;&#1604;&#1585;&#1581;&#1605;&#1606; &#1576;&#1606; &#1593;&#1604;&#1610;&#1548;,</subfield><subfield code="d">1116-1201.</subfield></datafield><datafield ind1="1" ind2="0" tag="880"><subfield code="6">245-02/r</subfield><subfield code="a">&#1605;&#1606;&#1575;&#1602;&#1576; &#1575;&#1604;&#1573;&#1605;&#1575;&#1605; &#1571;&#1581;&#1605;&#1583; &#1576;&#1606; &#1581;&#1606;&#1576;&#1604; /</subfield><subfield code="c">&#1604;&#1571;&#1576;&#1610; &#1575;&#1604;&#1601;&#1585;&#1580; &#1593;&#1576;&#1583; &#1575;&#1604;&#1585;&#1581;&#1605;&#1606; &#1576;&#1606; &#1575;&#1604;&#1580;&#1608;&#1586;&#1610;.</subfield></datafield><datafield ind1=" " ind2=" " tag="880"><subfield code="6">250-03/r</subfield><subfield code="a">&#1575;&#1604;&#1591;&#1576;&#1593;&#1577; 1.</subfield></datafield><datafield ind1=" " ind2=" " tag="880"><subfield code="6">260-04/r</subfield><subfield code="a">&#1605;&#1589;&#1585; :</subfield><subfield code="b">&#1605;&#1603;&#1578;&#1576;&#1577; &#1575;&#1604;&#1582;&#1575;&#1606;&#1580;&#1610;&#1548;</subfield><subfield code="c">1349]1930]</subfield></datafield><datafield ind1="1" ind2="4" tag="880"><subfield code="6">600-05/r</subfield><subfield code="a">&#1575;&#1576;&#1606; &#1581;&#1606;&#1576;&#1604;&#1548; &#1571;&#1581;&#1605;&#1583; &#1576;&#1606; &#1605;&#1581;&#1605;&#1583;&#1548;,</subfield><subfield code="d">780-855.</subfield></datafield><datafield ind1=" " ind2=" " tag="959"><subfield code="a">NNU</subfield><subfield code="b">WEB</subfield><subfield code="c">GENI</subfield><subfield code="t">0</subfield><subfield code="m">Electronic access</subfield><subfield code="s">01</subfield></datafield><datafield ind1=" " ind2=" " tag="999"><subfield code="i">NNC_3233740</subfield><subfield code="o">(OCoLC)ocm23518572 </subfield><subfield code="s">columbia_aco000447</subfield></datafield></record>